<record xmlns="http://www.loc.gov/MARC21/slim" xmlns:xsi="http://www.w3.org/2001/XMLSchema-instance" xsi:schemaLocation="http://www.loc.gov/MARC21/slim http://www.loc.gov/standards/marcxml/schema/MARC21slim.xsd">

  <leader>00791nam a2200169Ia 4500</leader>
  <datafield ind1=" " ind2=" " tag="999">
    <subfield code="c">153</subfield>
    <subfield code="d">153</subfield>
  </datafield>
  <controlfield tag="008">150731b1976    cr ||||| |||| 00| | spa d</controlfield>
  <datafield ind2=" " ind1=" " tag="090">
    <subfield code="a">05.03.02</subfield>
    <subfield code="b">369</subfield>
  </datafield>
  <datafield tag="110" ind1="2" ind2=" ">
    <subfield code="9">2925</subfield>
    <subfield code="a">Centro Multinacional de Investigación Educativa (CEMIE)</subfield>
  </datafield>
  <datafield ind2="0" ind1="1" tag="245">
    <subfield code="a">Las escalas facetizadas: una técnica de exploración de actitudes en educación</subfield>
  </datafield>
  <datafield tag="260" ind1=" " ind2=" ">
    <subfield code="a">San José, Costa Rica :</subfield>
    <subfield code="b">CEMIE,</subfield>
    <subfield code="c">1976</subfield>
  </datafield>
  <datafield tag="300" ind1=" " ind2=" ">
    <subfield code="a">viii, 348 páginas</subfield>
  </datafield>
  <datafield ind2=" " ind1=" " tag="500">
    <subfield code="a">El Centro Multinacional de Investigación Educativa (CEMIE) es un proyecto OEA-MInisterio de Educación Pública de Costa Rica.  Este centro funciona bajo auspicios del Programa Regional de Desarrollo Educativo de la Organización de los Estados Americanos</subfield>
  </datafield>
  <datafield tag="650" ind1="1" ind2="4">
    <subfield code="a">ACTITUDES</subfield>
    <subfield code="9">611</subfield>
  </datafield>
  <datafield tag="650" ind1="1" ind2="4">
    <subfield code="a">EDUCACIÓN</subfield>
    <subfield code="9">1</subfield>
  </datafield>
  <datafield tag="650" ind2="4" ind1="1">
    <subfield code="a">COMPORTAMIENTO</subfield>
    <subfield code="9">298</subfield>
  </datafield>
  <datafield tag="942" ind2=" " ind1=" ">
    <subfield code="2">z</subfield>
    <subfield code="c">01</subfield>
  </datafield>
</record>